@inproceedings{parsing-mixfix-operators,
    author = {Nils Anders Danielsson and Ulf Norell},
    title = {Parsing mixfix operators},
    booktitle = {Implementation and Application of Functional Languages},
    address = {Berlin, Germany},
    year = {2011},
    publisher = {Springer Berlin Heidelberg},
    pages = {80-99}
}

@software{megaparsec,
    author = {Mark Karpov},
    title = {Megaparsec},
    version = {4.3},
    year = {2016},
    url = {https://hackage.haskell.org/package/megaparsec},
    urldate = {2016-02-04},
    howpublised = {\url{https://hackage.haskell.org/package/megaparsec}}
}

@online{scrap-type-classes,
    author = {Gabriel Gonzalez},
    title = {Scrap your type classes},
    year = {2012},
    url = {http://www.haskellforall.com/2012/05/scrap-your-type-classes.html},
    urldate = {2016-02-04}
}

@software{agda,
    author = {Ulf Norell},
    title = {Agda},
    version = {2.4.2},
    year = {2007},
    url = {http://wiki.portal.chalmers.se/agda/pmwiki.php},
    urldate = {2016-02-04},
    howpublised = {\url{http://wiki.portal.chalmers.se/agda/pmwiki.php}}
}
